@book{TheArtOfUNIXProgramming,
  title={The Art of Unix Programming},
  author={Eric S. Raymond},
  year={2003},
  publisher={Addison-Wesley}
  ISBN={0-13-142901-9}
}